@article{lit:kham_mazo_uzku_2015,
  author    = {Мазо, А. Б. and Поташев, К. А. and Хамидуллин, М. Р.},
  title     = {Фильтрационная модель притока жидкости к~горизонтальной скважине с~многостадийным гидравлическим разрывом пласта},
  journal   = {Ученые записки Казанского университета. Серия Физико-математические науки},
  year      = {2015},
  volume    = {157},
  number    = {4},
  pages     = {133--148},
  publisher = {Изд-во Казанского университета},
  address   = {Казань},
  url       = {http://mi.mathnet.ru/uzku1343},
  note      = {\url{https://elibrary.ru/item.asp?id=25005287}},
  language  = {russian}
},
@book{lit:kham_valko_economides_2001,
  title={Unified Fracture Design: Bridging the Gap Between Theory and Practice},
  author={Economides, M.J. and Oligney, R.E. and Valk{\'o}, P.},
  isbn={9780971042704},
  lccn={2002025793},
  url={https://books.google.ru/books?id=nleGAAAACAAJ},
  year={2001},
  publisher={Orsa Press}
}
@book{lit:kham_mrst,
  author = {Lie K.-A.},
  title = {An Introduction to Reservoir Simulation Using MATLAB/GNU Octave:  User Guide for the MATLAB Reservoir Simulation Toolbox (MRST)},
  publisher = {Cambridge University Press},
  year = {2019},
  language = {english},
  pages = {678},
  doi = {https://doi.org/10.1017/9781108591416}
}
